@article{DBLP:journals/corr/MoniruzzamanH13,
  author    = {A. B. M. Moniruzzaman and
               Syed Akhter Hossain},
  title     = {NoSQL Database: New Era of Databases for Big data Analytics - Classification,
               Characteristics and Comparison},
  journal   = {CoRR},
  volume    = {abs/1307.0191},
  year      = {2013},
  url       = {http://arxiv.org/abs/1307.0191},
  archivePrefix = {arXiv},
  eprint    = {1307.0191},
  timestamp = {Mon, 13 Aug 2018 16:49:17 +0200},
  biburl    = {https://dblp.org/rec/bib/journals/corr/MoniruzzamanH13},
  bibsource = {dblp computer science bibliography, https://dblp.org}
}

@article{DBLP:journals/corr/Sharma15b,
	author    = {Sugam Sharma},
	title     = {An Extended Classification and Comparison of NoSQL Big Data Models},
	journal   = {CoRR},
	volume    = {abs/1509.08035},
	year      = {2015},
	url       = {http://arxiv.org/abs/1509.08035},
	archivePrefix = {arXiv},
	eprint    = {1509.08035},
	timestamp = {Mon, 13 Aug 2018 16:48:53 +0200},
	biburl    = {https://dblp.org/rec/bib/journals/corr/Sharma15b},
	bibsource = {dblp computer science bibliography, https://dblp.org}
}

@article{DBLP:journals/corr/abs-1804-00465,
	author    = {Xi Zheng},
	title     = {Database as a Service - Current Issues and Its Future},
	journal   = {CoRR},
	volume    = {abs/1804.00465},
	year      = {2018},
	url       = {http://arxiv.org/abs/1804.00465},
	archivePrefix = {arXiv},
	eprint    = {1804.00465},
	timestamp = {Mon, 13 Aug 2018 16:45:58 +0200},
	biburl    = {https://dblp.org/rec/bib/journals/corr/abs-1804-00465},
	bibsource = {dblp computer science bibliography, https://dblp.org}
}

@article{Truica2015PerformanceEF,
	title={Performance Evaluation for CRUD Operations in Asynchronously Replicated Document Oriented Database},
	author={Ciprian-Octavian Truica and Florin Radulescu and Alexandru Boicea and Ion Bucur},
	journal={2015 20th International Conference on Control Systems and Computer Science},
	year={2015},
	pages={191-196}
}


@inproceedings{Strl2015SchemalessND,
	title={Schemaless NoSQL Data Stores - Object-NoSQL Mappers to the Rescue?},
	author={Uta St{\"o}rl and Thomas Hauf and Meike Klettke and Stefanie Scherzinger},
	booktitle={BTW},
	year={2015}
}

@article{Loureno2015ChoosingTR,
	title={Choosing the right NoSQL database for the job: a quality attribute evaluation},
	author={Jo{\~a}o Ricardo Louren√ßo and Bruno Cabral and Paulo Carreiro and Marco Vieira and Jorge Bernardino},
	journal={Journal of Big Data},
	year={2015},
	volume={2},
	pages={1-26}
}
